<?xml version="1.0" encoding="UTF-8"?><collection xmlns="http://www.loc.gov/MARC21/slim"><record><leader>00567nam--2200205-u-4500</leader><controlfield tag="001">000052615</controlfield><controlfield tag="002">20161230</controlfield><controlfield tag="005">20161230201050</controlfield><controlfield tag="008">100924s1000------------r-----000-0-eng-d</controlfield><datafield ind1=" " ind2=" " tag="020"><subfield code="a">0854046393</subfield></datafield><datafield ind1=" " ind2=" " tag="040"><subfield code="a">IFIN-HH</subfield></datafield><datafield ind1=" " ind2=" " tag="080"><subfield code="a">(666.1:666.3):62</subfield></datafield><datafield ind1="1" ind2=" " tag="100"><subfield code="a">Shelby, James E</subfield></datafield><datafield ind1="1" ind2="0" tag="245"><subfield code="a">Introduction to Galss Science and Technology</subfield><subfield code="c">James E. Shelby</subfield></datafield><datafield ind1=" " ind2=" " tag="250"><subfield code="a">Second Edition</subfield></datafield><datafield ind1=" " ind2=" " tag="260"><subfield code="a">Cambridge</subfield><subfield code="b">The Royal Society of Chemistry</subfield><subfield code="c">2009</subfield></datafield><datafield ind1=" " ind2=" " tag="300"><subfield code="a">291 p</subfield></datafield><datafield ind1=" " ind2="4" tag="650"><subfield code="a">Glass Manufacture</subfield></datafield><datafield ind1=" " ind2=" " tag="852"><subfield code="a">82293</subfield><subfield code="c">666.1:666.3</subfield></datafield><datafield ind1=" " ind2=" " tag="CAT"><subfield code="a">Sys</subfield><subfield code="c">20100924</subfield><subfield code="h">090318</subfield></datafield></record></collection>